<collection xmlns="http://www.loc.gov/MARC21/slim">
<record>
  <leader>02026nam0a2200301 i 450 </leader>
  <controlfield tag="001">IT\ICCU\CNCE\062238</controlfield>
  <controlfield tag="005">20150924000000.0</controlfield>
  <datafield tag="012" ind1=" " ind2=" ">
    <subfield code="a">e.oq o-e- ini- uano (C) 1514 (R)</subfield>
    <subfield code="2">fei</subfield>
  </datafield>
  <datafield tag="100" ind1=" " ind2=" ">
    <subfield code="a">20051103d1514        0itac0103    ba</subfield>
  </datafield>
  <datafield tag="101" ind1=" " ind2=" ">
    <subfield code="a">LAT</subfield>
  </datafield>
  <datafield tag="102" ind1=" " ind2=" ">
    <subfield code="a">IT</subfield>
  </datafield>
  <datafield tag="200" ind1="1" ind2=" ">
    <subfield code="a">Emendatum quadringentis in locis vbi multa diminuta pleraque apocripha manibus Cur. Lancilotti Pasij Ferrariensis laureati qui est operis autor lege. Foeliciter Habes lector o candidissime in hoc opere de litteratura: quae posteriores grammatici a Varrone et Charisio in hodiernum vsque diem vel ignorarunt: vel per incuriam omisere in rebus grammatices non vulgaribus contemplationem methodices referentia: ac iter ad prima omnium scientiarum summo nitore: presignantia: et si qua in laceris priscorum voluminibus dispersa abstrusa diminutaque in melius reformata videbis hic. Titulus de litteratura non vulgari</subfield>
  </datafield>
  <datafield tag="210" ind1=" " ind2=" ">
    <subfield code="e">Impraessum Parmae</subfield>
    <subfield code="g">per Franciscum Vgoletum &amp; Octauianum Saladum</subfield>
    <subfield code="h">1514 die xv Iulii</subfield>
  </datafield>
  <datafield tag="215" ind1=" " ind2=" ">
    <subfield code="a">\164! c.</subfield>
    <subfield code="d">fol</subfield>
  </datafield>
  <datafield tag="620" ind1=" " ind2=" ">
    <subfield code="a">IT</subfield>
    <subfield code="d">Parma</subfield>
  </datafield>
  <datafield tag="700" ind1=" " ind2="1">
    <subfield code="a">Pasi,</subfield>
    <subfield code="b">Curio Lancellotto</subfield>
    <subfield code="3">IT\ICCU\CNCA\010020</subfield>
  </datafield>
  <datafield tag="712" ind1="0" ind2="0">
    <subfield code="a">Ugoleto, Francesco &amp; Saladi, Ottaviano</subfield>
    <subfield code="3">IT\ICCU\CNCT\000201</subfield>
    <subfield code="4">650</subfield>
  </datafield>
  <datafield tag="790" ind1=" " ind2="1">
    <subfield code="a">Pasius,</subfield>
    <subfield code="b">Curius Lancilottus</subfield>
    <subfield code="3">IT\ICCU\CNCA\021666</subfield>
    <subfield code="z">Pasi, Curio Lancellotto</subfield>
  </datafield>
  <datafield tag="791" ind1="0" ind2="0">
    <subfield code="a">Saladius, Octavianus &amp; Ugoletus, Franciscus</subfield>
    <subfield code="3">IT\ICCU\CNCT\004146</subfield>
    <subfield code="z">Ugoleto, Francesco &amp; Saladi, Ottaviano</subfield>
  </datafield>
  <datafield tag="801" ind1=" " ind2="3">
    <subfield code="a">IT</subfield>
    <subfield code="b">ICCU</subfield>
    <subfield code="c">20201115</subfield>
  </datafield>
  <datafield tag="899" ind1=" " ind2=" ">
    <subfield code="a">Biblioteca nazionale centrale. Firenze</subfield>
    <subfield code="1">FI0098</subfield>
    <subfield code="2">CFI CF</subfield>
  </datafield>
  <datafield tag="899" ind1=" " ind2=" ">
    <subfield code="a">Biblioteca Medicea Laurenziana. Firenze</subfield>
    <subfield code="1">FI0100</subfield>
    <subfield code="2">CFI ML</subfield>
  </datafield>
  <datafield tag="899" ind1=" " ind2=" ">
    <subfield code="a">Biblioteca regionale universitaria. Messina</subfield>
    <subfield code="1">ME0050</subfield>
    <subfield code="2">PAL BM</subfield>
  </datafield>
  <datafield tag="899" ind1=" " ind2=" ">
    <subfield code="a">Biblioteca Oliveriana. Pesaro</subfield>
    <subfield code="1">PU0061</subfield>
    <subfield code="2">URB OL</subfield>
  </datafield>
  <datafield tag="899" ind1=" " ind2=" ">
    <subfield code="a">Biblioteca universitaria. Pavia</subfield>
    <subfield code="1">PV0291</subfield>
    <subfield code="2">MIL UP</subfield>
  </datafield>
  <datafield tag="899" ind1=" " ind2=" ">
    <subfield code="a">Biblioteca nazionale universitaria. Torino</subfield>
    <subfield code="1">TO0265</subfield>
    <subfield code="2">TO0 02</subfield>
  </datafield>
  <datafield tag="911" ind1=" " ind2=" ">
    <subfield code="a">Sul front. e nel coloph.</subfield>
    <subfield code="9">IT\ICCU\CNCM\000705</subfield>
  </datafield>
  <datafield tag="921" ind1=" " ind2=" ">
    <subfield code="a">IT\ICCU\CNCM\000705</subfield>
    <subfield code="b">Sole con i raggi dritti e serpeggianti intrecciati tra loro.</subfield>
    <subfield code="c">K121</subfield>
    <subfield code="c">Z1101</subfield>
    <subfield code="f">RAGGI</subfield>
    <subfield code="f">SOLE</subfield>
    <subfield code="g">1510-[1524?]</subfield>
  </datafield>
</record>
</collection>
